<collection xmlns="http://www.loc.gov/MARC21/slim">
<record>
  <leader>01773nam0a2200253 i 450 </leader>
  <controlfield tag="001">IT\ICCU\CNCE\075595</controlfield>
  <controlfield tag="005">20130911000000.0</controlfield>
  <datafield tag="012" ind1=" " ind2=" ">
    <subfield code="a">i.o, o.ne o,o. e,o, (C) 1571 (R)</subfield>
    <subfield code="2">fei</subfield>
    <subfield code="9">1</subfield>
  </datafield>
  <datafield tag="012" ind1=" " ind2=" ">
    <subfield code="a">taus i,oi s,di auan (C) 1571 (R)</subfield>
    <subfield code="2">fei</subfield>
    <subfield code="9">2</subfield>
  </datafield>
  <datafield tag="012" ind1=" " ind2=" ">
    <subfield code="a">orma i,n- u-re gime (C) 1571 (R)</subfield>
    <subfield code="2">fei</subfield>
    <subfield code="9">3</subfield>
  </datafield>
  <datafield tag="100" ind1=" " ind2=" ">
    <subfield code="a">20110201d1571        0itac0103    ba</subfield>
  </datafield>
  <datafield tag="101" ind1=" " ind2=" ">
    <subfield code="a">ITA</subfield>
  </datafield>
  <datafield tag="102" ind1=" " ind2=" ">
    <subfield code="a">IT</subfield>
  </datafield>
  <datafield tag="200" ind1="1" ind2=" ">
    <subfield code="a">Opera di m. Nicolo Papadopulo di Candia, detto il poeta. Nella quale si contiene alcuni suoi sonetti, in diuersi soggetti sententiosi, &amp; utili a ogni fidel christiano, et contra infideli, et ogni altro inimico della chiesa catholica. Et con una epistola fatta dal detto auttore, a l&apos;imperator di turchi, nella quale si contiene molti bei documenti, et utili a ogni fidel christiano. Con la risposta di esso turco in lingua sua col comento ...</subfield>
  </datafield>
  <datafield tag="210" ind1=" " ind2=" ">
    <subfield code="a">In Venetia</subfield>
    <subfield code="d">1571</subfield>
  </datafield>
  <datafield tag="215" ind1=" " ind2=" ">
    <subfield code="a">3 pt.</subfield>
    <subfield code="d">8ʻ</subfield>
  </datafield>
  <datafield tag="300" ind1=" " ind2=" ">
    <subfield code="a">2: Epistola di M. Nicolo Papadopulo, detto il poeta,  ̉sultan Selin imperator de turchi, in forma di predica3: Risposta de sultan Selin imperator di turchi a tutti i sonetti a lui fatti da diuersi auttori, &amp; in uarie lingue: medesimamente lui risponde per questi uersi, in lingua ua turchesca, latina, &amp; italiana ... opera di M. Nicolo Papadopulo detto il poeta</subfield>
  </datafield>
  <datafield tag="517" ind1="1" ind2=" ">
    <subfield code="3">IT\ICCU\CNCE\078175</subfield>
    <subfield code="a">Epistola di M. Nicolo Papadopulo, detto il poeta, Aa sultan Selin imperator de turchi, in forma di predica</subfield>
  </datafield>
  <datafield tag="517" ind1="1" ind2=" ">
    <subfield code="3">IT\ICCU\CNCE\078176</subfield>
    <subfield code="a">Risposta de sultan Selin imperator di turchi a tutti i sonetti a lui fatti da diuersi auttori, &amp; in uarie lingue</subfield>
  </datafield>
  <datafield tag="620" ind1=" " ind2=" ">
    <subfield code="a">IT</subfield>
    <subfield code="d">Venezia</subfield>
  </datafield>
  <datafield tag="700" ind1=" " ind2="1">
    <subfield code="a">Papadopulo,</subfield>
    <subfield code="b">Nicolo</subfield>
    <subfield code="3">IT\ICCU\CNCA\028472</subfield>
  </datafield>
  <datafield tag="712" ind1="0" ind2="2">
    <subfield code="a">s.n.</subfield>
    <subfield code="3">IT\ICCU\CNCT\000002</subfield>
    <subfield code="4">650</subfield>
  </datafield>
  <datafield tag="801" ind1=" " ind2="3">
    <subfield code="a">IT</subfield>
    <subfield code="b">ICCU</subfield>
    <subfield code="c">20201115</subfield>
  </datafield>
  <datafield tag="899" ind1=" " ind2=" ">
    <subfield code="a">Biblioteca Arcivescovile. Udine</subfield>
    <subfield code="1">UD0100</subfield>
    <subfield code="2">ZUD 11</subfield>
  </datafield>
</record>
</collection>
